<?xml version="1.0" encoding="UTF-8"?><record xmlns="http://www.loc.gov/MARC21/slim" xmlns:cinclude="http://apache.org/cocoon/include/1.0" xmlns:zs="http://www.loc.gov/zing/srw/">
  <leader>00529nz  a2200157n  4500</leader>
  <controlfield tag="001">no2009108827</controlfield>
  <controlfield tag="003">DLC</controlfield>
  <controlfield tag="005">20090717075448.0</controlfield>
  <controlfield tag="008">090715n| acannaabn          |b aaa     c</controlfield>
  <datafield tag="010" ind1=" " ind2=" ">
    <subfield code="a">no2009108827</subfield>
  </datafield>
  <datafield tag="035" ind1=" " ind2=" ">
    <subfield code="a">(OCoLC)oca08172734</subfield>
  </datafield>
  <datafield tag="040" ind1=" " ind2=" ">
    <subfield code="a">MH-HY</subfield>
    <subfield code="b">eng</subfield>
    <subfield code="c">MH-HY</subfield>
  </datafield>
  <datafield tag="100" ind1="1" ind2=" ">
    <subfield code="a">Pan, Zhentai</subfield>
  </datafield>
  <datafield tag="400" ind1="1" ind2=" ">
    <subfield code="a">潘振泰</subfield>
  </datafield>
  <datafield tag="667" ind1=" " ind2=" ">
    <subfield code="a">Non-Latin script reference not evaluated.</subfield>
  </datafield>
  <datafield tag="670" ind1=" " ind2=" ">
    <subfield code="a">Zhan Ruoshui yu Ming dai xin xue, 2009:</subfield>
    <subfield code="b">t.p. (潘振泰 = Pan Zhentai) vita (M.A., Taiwan Shi fan da xue li shi xi; Ph.D., The University of Edinburgh)</subfield>
  </datafield>
</record>